Encoding: MacRoman

@ARTICLE{albert93,
  author = {Jim Albert},
  title = {Statistical Analysis of Hitting Streaks in Baseball: Comment},
  journal = {Journal of the American Statistical Association},
  year = {1993},
  volume = {88},
  number = {424},
  pages = {1184-1188}
}

@ARTICLE{albert13,
  author = {Jim Albert},
  title = {Looking at Spacings to Assess Streakiness},
  journal = {Journal of Quantitative Analysis in Sports},
  year = {2013},
  volume = {9},
  number = {2},
  pages = {1-13}
}

@ARTICLE{albert99,
  author = {Jim Albert and Patricia Williamson},
  title = {Using Model/Data Simulations to Detect Streakiness},
  journal = {The American Statistician},
  year = {1999},
  volume = {55},
  pages = {41-50}
}

@ARTICLE{bareli06,
  author = {Michael Bar-Eli and Simcha Avugos and Markus Raab},
  title = {Twenty Years of "Hot Hand" Research: Review and Critique},
  journal = {Psychology of Sport and Exercise},
  year = {2006},
  volume = {7},
  pages = {525-553}
}

@ARTICLE{gilovich85,
  author = {Thomas Gilovich and Robert Vallone and Amos Tversky},
  title = {The Hot Hand in Basketball: On The Misperception of Random Sequences},
  journal = {Cognitive Psychology},
  year = {1985},
  volume = {17},
  pages = {295-314}
}

@ARTICLE{jagacinski79,
  author = {Richard J. Jagacinski and Karl M. Newell and Paul D. Isaac},
  title = {Predicting the Success of a Basketball Shot at Various Stages of Execution},
  journal = {Journal of Sport Psychology},
  year = {1979},
  volume = {1},
  pages = {301-310}
}

@ARTICLE{koehler03,
  author = {Jonathan J. Koehler and Caryn A. Conley},
  title = {The "Hot Hand" Myth in Professional Basketball},
  journal = {Journal of Sport and Exercise Psychology},
  year = {2003},
  volume = {25},
  pages = {253-259}
}

@ARTICLE{miller16,
  author = {Joshua Benjamin Miller and Adam Sanjurjo},
  title = {Surprised by the Gambler's and Hot Hand Fallacies? A Truth in the Law of Small Numbers},
  journal = {IGIER Working Paper No. 552},
  year = {2016}
}

@ARTICLE{wetzels16,
  author = {Ryan Wetzels, et. al.},
  title = {A Bayesian Test for the Hot Hand Phenomenon},
  journal = {Journal of Mathematical Psychology},
  year = {2016},
  volume = {72},
  pages = {200-209}
}

@BOOK{west97,
  author = {Mike West and P. J. Harrison},
  title = {Bayesian Forecasting & Dynamic Models},
  publisher = {Springer Verlag},
  year = {1997},
  edition = {2nd}
}

@ARTICLE{west85,
  author = {M. West and P. J. Harrison and H. S. Migon},
  title = {Dynamic generalised linear models and Bayesian forecasting (with discussion)},
  journal = {Journal of the American Statistical Association},
  year = {1985},
  volume = {80},
  pages = {73-97}
}  

@BOOK{west10,
  author = {R. Prado and M. West},
  title = {Time Series: Modelling, Computation & Inference},
  publisher = {Chapman & Hall/CRC Press},
  year = {2010}
}

@MISC{joseph,
  author = {Lawrence Joseph},
  title = {Specifying a new sampling distribution},
  url = {http://www.medicine.mcgill.ca/epidemiology/Joseph/courses/common/Tricks.html},
  note = {Accessed: 2018-03-22}
}

@ARTICLE{ameen84,
  author = {J. R. Ameen and P. J. Harrison},
  title = {Discount Weighted Estimation},
  journal = {Journal of Forecasting},
  year = {1984},
  volume = {3},
  pages = {285-296}
}
